@incollection{shahbaba2012bayesian,
  title={Bayesian Analysis},
  author={Shahbaba, Babak},
  booktitle={Biostatistics with R},
  pages={303--315},
  year={2012},
  publisher={Springer}
}

@book{ambrosius2007topics,
  title={Topics in bio-statics},
  author={Ambrosius, Walter T},
  year={2007},
  publisher={Springer}
}

@book{gelman2013bayesian,
  title={Bayesian data analysis},
  author={Gelman, Andrew and Carlin, John B and Stern, Hal S and Dunson, David B and Vehtari, Aki and Rubin, Donald B},
  year={2013},
  publisher={CRC press}
}

@book{christensen2011bayesian,
  title={Bayesian ideas and data analysis: an introduction for scientists and statisticians},
  author={Christensen, Ronald and Johnson, Wesley and Branscum, Adam and Hanson, Timothy E},
  year={2011},
  publisher={CRC press}
}